<record><leader>00000cas a22000007a 4500</leader><controlfield tag="001">15152024</controlfield><controlfield tag="008">870204d18651873lauwr ne      0    0eng d</controlfield><datafield ind1=" " ind2=" " tag="010"><subfield code="a">sn 87090286 </subfield></datafield><datafield ind1=" " ind2=" " tag="040"><subfield code="a">PPM</subfield><subfield code="b">eng</subfield><subfield code="c">PPM</subfield><subfield code="d">MGN</subfield><subfield code="d">LNP</subfield><subfield code="d">OCLCQ</subfield><subfield code="d">OCLCF</subfield><subfield code="d">OCLCO</subfield></datafield><datafield ind1=" " ind2=" " tag="042"><subfield code="a">msc</subfield></datafield><datafield ind1=" " ind2=" " tag="043"><subfield code="a">n-us-la</subfield></datafield><datafield ind1="0" ind2="0" tag="245"><subfield code="a">Iberville pioneer.</subfield></datafield><datafield ind1="1" ind2="3" tag="246"><subfield code="a">Pionnier d'Iberville</subfield><subfield code="f">&lt;June 23, 1866&gt;</subfield></datafield><datafield ind1=" " ind2=" " tag="260"><subfield code="a">Plaquemine, La. :</subfield><subfield code="b">W.R. Haynes,</subfield><subfield code="c">1865-</subfield></datafield><datafield ind1=" " ind2=" " tag="300"><subfield code="a">v.</subfield></datafield><datafield ind1=" " ind2=" " tag="310"><subfield code="a">Weekly</subfield></datafield><datafield ind1="0" ind2=" " tag="362"><subfield code="a">Vol. 1, no. 1 (Mar. 11, 1865)-</subfield></datafield><datafield ind1="1" ind2=" " tag="362"><subfield code="a">Ceased in 1873.</subfield></datafield><datafield ind1=" " ind2=" " tag="500"><subfield code="a">Publisher: W.P. Allen, &lt;1868&gt;-1869; W.R. Haynes, 1869-&lt;1870&gt;; Chas. E. Merrill, &lt;1871&gt;-</subfield></datafield><datafield ind1=" " ind2=" " tag="500"><subfield code="a">"Official journal of Iberville Parish." &lt;Feb. 13, 1869&gt;-</subfield></datafield><datafield ind1=" " ind2=" " tag="515"><subfield code="a">Issues for Sept. 19, 1868-Apr. 29, 1871 called v. 1, no. 2-v. 3, no. 23.</subfield></datafield><datafield ind1=" " ind2=" " tag="525"><subfield code="a">Feb. 13, 1869 issue has a supplement?</subfield></datafield><datafield ind1=" " ind2=" " tag="546"><subfield code="a">Issue for &lt;June 23, 1866&gt; has some French.</subfield></datafield><datafield ind1=" " ind2=" " tag="580"><subfield code="a">Merged with: Iberville news (Plaquemine, La. : 1871), to form: Pioneer and news.</subfield></datafield><datafield ind1=" " ind2="0" tag="651"><subfield code="a">Plaquemine (La.)</subfield><subfield code="v">Newspapers.</subfield></datafield><datafield ind1=" " ind2="0" tag="651"><subfield code="a">Iberville Parish (La.)</subfield><subfield code="v">Newspapers.</subfield></datafield><datafield ind1=" " ind2="7" tag="655"><subfield code="a">Newspapers.</subfield><subfield code="2">fast</subfield><subfield code="0">(OCoLC)fst01423814</subfield></datafield><datafield ind1=" " ind2="7" tag="651"><subfield code="a">Louisiana</subfield><subfield code="z">Iberville Parish.</subfield><subfield code="2">fast</subfield><subfield code="0">(OCoLC)fst01216222</subfield></datafield><datafield ind1=" " ind2="7" tag="651"><subfield code="a">Louisiana</subfield><subfield code="z">Plaquemine.</subfield><subfield code="2">fast</subfield><subfield code="0">(OCoLC)fst01219282</subfield></datafield><datafield ind1=" " ind2=" " tag="752"><subfield code="a">United States</subfield><subfield code="b">Louisiana</subfield><subfield code="c">Iberville</subfield><subfield code="d">Plaquemine.</subfield></datafield><datafield ind1="1" ind2="7" tag="785"><subfield code="t">Iberville news (Plaquemine, La. : 1871)</subfield><subfield code="w">(DLC)sn 86079111</subfield></datafield><datafield ind1="1" ind2="7" tag="785"><subfield code="t">Pioneer and news</subfield><subfield code="w">(DLC)sn 87090134</subfield></datafield></record>